<?xml version="1.0" encoding="UTF-8"?><record xmlns="http://www.loc.gov/MARC21/slim" xmlns:cinclude="http://apache.org/cocoon/include/1.0" xmlns:zs="http://www.loc.gov/zing/srw/">
  <leader>00629cz  a2200181n  4500</leader>
  <controlfield tag="001">n  82127332 </controlfield>
  <controlfield tag="003">DLC</controlfield>
  <controlfield tag="005">20110903074838.0</controlfield>
  <controlfield tag="008">821207n| acannaabn          |a aaa      </controlfield>
  <datafield tag="010" ind1=" " ind2=" ">
    <subfield code="a">n  82127332 </subfield>
  </datafield>
  <datafield tag="035" ind1=" " ind2=" ">
    <subfield code="a">(OCoLC)oca00823635</subfield>
  </datafield>
  <datafield tag="040" ind1=" " ind2=" ">
    <subfield code="a">DLC</subfield>
    <subfield code="b">eng</subfield>
    <subfield code="c">DLC</subfield>
    <subfield code="d">ICU</subfield>
    <subfield code="d">OCoLC</subfield>
    <subfield code="d">DLC</subfield>
  </datafield>
  <datafield tag="100" ind1="1" ind2=" ">
    <subfield code="a">Boltzmann, Ludwig,</subfield>
    <subfield code="d">1844-1906</subfield>
  </datafield>
  <datafield tag="400" ind1="1" ind2=" ">
    <subfield code="a">Bolʹt︠s︡man, Li︠u︡dvig,</subfield>
    <subfield code="d">1844-1906</subfield>
  </datafield>
  <datafield tag="400" ind1="1" ind2=" ">
    <subfield code="a">Bolʹt︠s︡man, L.</subfield>
    <subfield code="q">(Li︠u︡dvig),</subfield>
    <subfield code="d">1844-1906</subfield>
  </datafield>
  <datafield tag="400" ind1="1" ind2=" ">
    <subfield code="a">Boltzman, L.</subfield>
    <subfield code="q">(Ludwig),</subfield>
    <subfield code="d">1844-1906</subfield>
  </datafield>
  <datafield tag="670" ind1=" " ind2=" ">
    <subfield code="a">Maxwell, J.C. Ueber Faraday's Kraftlinien, 1912:</subfield>
    <subfield code="b">t.p. (L. Boltzman)</subfield>
  </datafield>
  <datafield tag="670" ind1=" " ind2=" ">
    <subfield code="a">L.E. Boltzmann, 2009:</subfield>
    <subfield code="b">t.p. (L.E. Boltzmann)</subfield>
  </datafield>
</record>